<?xml version="1.0" encoding="UTF-8"?><collection xmlns="http://www.loc.gov/MARC21/slim"><record><leader>00490nam--2200145-i-4500</leader><controlfield tag="001">000037971</controlfield><controlfield tag="002">20161230</controlfield><controlfield tag="005">20161230201041</controlfield><controlfield tag="008">060222s1000------------r-----000-0-eng-d</controlfield><datafield ind1=" " ind2=" " tag="080"><subfield code="a">548</subfield></datafield><datafield ind1=" " ind2=" " tag="100"><subfield code="a">Raunio, G.And Svensson, O</subfield></datafield><datafield ind1=" " ind2=" " tag="245"><subfield code="a">Experimental investigation of wave-length dependence of germanium single crystal diffraction patterns</subfield></datafield><datafield ind1=" " ind2=" " tag="260"><subfield code="a">Gothenburg, Chalmers Techniska Hogskolas Handlingar, 1966, 22p</subfield></datafield><datafield ind1=" " ind2=" " tag="490"><subfield code="a">Transactions Of Chalmers Univ.Of Technology</subfield></datafield><datafield ind1=" " ind2=" " tag="852"><subfield code="a">13929</subfield></datafield></record></collection>